2378 3790
162 207 228 276 232
249 147 332 262 'un
349 195 429 274 ros.
446 135 626 272 corruo
640 192 783 260 arrou.
804 191 892 261 nu.
916 161 1027 276 aas.

129 413 143 424 ,
162 335 330 439 Aegyptii
359 349 537 419 crocodilis
566 359 602 416 et
631 347 825 438 aspidibus:
854 349 990 439 quando
1012 371 1086 435 eos,

130 499 132 504 .
164 439 227 525 qui
255 437 296 502 ab
322 439 396 504 istis
428 437 649 518 mordentur,
681 440 717 502 et
739 460 759 502 a
781 437 959 502 crocodilis
979 439 1083 526 ¹rapi-

163 534 288 602 untur,
311 525 428 590 felices
451 536 487 588 et
512 527 581 588 Deo
603 523 723 608 dignos
746 523 969 588 arbitrantur.
998 526 1080 592 ¹Sed
1108 532 1117 546 “

162 620 246 676 sunt
273 611 363 699 apud
393 631 454 679 nos
475 609 581 689 asini,
603 609 694 696 quod
717 609 809 696 apud
833 608 917 674 alios
938 613 1081 700 sapien-

162 705 219 761 tes
243 699 358 778 viros,
388 719 493 766 onera
513 696 651 761 sibimet
678 693 840 784 imposita
861 694 1081 770 sustinentes.

161 781 238 849 Etsi
267 783 311 848 ad
335 807 430 850 areas
459 781 658 848 aecedentes
682 784 879 860 comedant,
912 793 970 846 aut
991 806 1079 870 pro-

162 870 274 958 posita
311 892 380 937 non
411 867 639 955 adimpleant,
675 869 802 934 multas
831 868 927 934 valde
958 869 1075 958 plagas

116 1003 118 1012 .
160 956 344 1045 accipiunt,
368 956 495 1055 quippe
518 954 679 1054 operibus
704 967 739 1020 et
759 957 802 1020 ad
825 955 1075 1040 agriculturam
1186 963 1188 972 ⁴

105 1095 109 1106 .
159 1042 263 1109 rebus
280 1063 478 1109 necessarus
495 1051 736 1106 mrnrstrantes.
782 1042 848 1106 Sed
881 1052 940 1107 aut
962 1043 1076 1132 omni·

70 1185 76 1194 s
137 1149 222 1208 ,um
252 1129 454 1196 rudissimus
490 1125 559 1220 luit
580 1125 698 1217 Apion
726 1126 768 1192 ad
792 1121 1076 1214 'componendum
1174 1127 1182 1138 ’

159 1218 264 1282 verba
301 1213 462 1293 fallacia,t
491 1223 552 1276 aut
581 1224 674 1297 certe
699 1235 744 1278 ox
769 1214 871 1280 rebus
895 1213 992 1278 initia
1014 1239 1075 1280 su-

132 1352 136 1362 s
159 1321 280 1379 mens,
301 1301 386 1366 haec
409 1298 553 1384 implere
576 1319 646 1362 non
666 1298 794 1380 valuit,
817 1295 956 1387 quando
975 1301 1075 1368 nulla
1145 1353 1151 1366 .

21 1455 25 1463 ,
159 1399 274 1477 potest
297 1397 417 1453 contra
439 1405 500 1450 nos
523 1382 736 1471 blasphemia
759 1386 952 1474 provenire.
1187 1465 1188 1468 Ἴ

127 1521 131 1525 ,
241 1460 277 1545 ¹8.
329 1472 486 1537 Alteram
527 1486 611 1552 uero
645 1470 834 1552 fabulam,²
851 1472 1073 1558 derogatione
1187 1489 1188 1494 ’

158 1571 277 1628 nostra
306 1557 465 1648 plenam,
504 1555 545 1620 de
573 1553 714 1622 Graecis
736 1558 916 1645 apposuit-3
940 1559 981 1621 de
1006 1583 1075 1648 quo
1186 1565 1188 1574 '

159 1647 272 1714 dicere
298 1659 350 1710 sat
371 1645 455 1726 erit,
479 1641 660 1732 quoniam,
682 1645 742 1730 qui
765 1645 806 1723 de
828 1643 957 1732 pietate
978 1644 1077 1734 loqui
1124 1639 1131 1650 '
1177 1685 1188 1724 ·,

156 1742 403 1822 praesumunt,
427 1739 565 1820 oportet
586 1749 642 1794 eos
665 1751 734 1794 non
755 1730 945 1816 ignorare,
959 1731 1076 1800 minus

27 1839 54 1858 ·‘
158 1841 230 1884 esse
262 1817 483 1885 immundum
513 1838 575 1904 per
598 1816 729 1902 templa
765 1817 926 1898 transire,
967 1823 1074 1906 quam
1186 1875 1188 1886 .

122 1903 125 1908 ’
156 1905 386 1972 sacerdotibus
426 1903 566 1969 scelesta
601 1903 704 1967 verba
747 1903 956 1990 contingere.
1010 1904 1074 1971 lsti
1186 1941 1187 1950 κ

56 2055 71 2074 ,
156 2011 238 2060 roro
261 1990 369 2077 magis
391 1991 553 2056 studuere
573 1987 757 2054 defendere
779 1989 1074 2073 sacrilegiumre-
1186 2055 1187 2068 ,

157 2099 253 2166 gem,
287 2098 389 2166 quam
417 2079 507 2162 justa
537 2085 573 2138 et
602 2076 736 2140 veracia
760 2076 801 2140 de
824 2074 948 2140 nostris
971 2091 1005 2142 et
1029 2079 1071 2145 de
1186 2085 1187 2110 l

92 2162 102 2178 '
154 2166 288 2250 templo
318 2162 544 2228 conscribere.
575 2159 754 2228 'Volentes
783 2163 876 2228 enim
906 2164 1073 2231 Antiocho

40 2272 43 2280 ¹
94 2283 99 2294 ,
154 2251 346 2336 gratificari
369 2261 404 2314 et
426 2247 610 2334 perfidiam
633 2249 901 2334 acsacrilegium
923 2251 994 2334 ejus
1016 2263 1072 2316 te-
1145 2255 1149 2266 '

74 2391 78 2408 ,
155 2359 254 2424 gero,
275 2359 343 2424 quo
367 2335 458 2401 circa
480 2347 617 2420 gentem
637 2346 787 2400 nostram
810 2347 862 2398 est
883 2358 964 2401 usus
985 2359 1074 2424 pro-

111 2439 173 2496 t7'6
184 2433 264 2508 pter
281 2432 466 2511 egestatem
482 2422 717 2508 pecuniarum,
741 2421 1071 2496 detrahenteslnobis

155 2510 279 2587 etiam,
311 2529 397 2596 quae
420 2507 457 2572 in
489 2506 615 2579 futuris
645 2501 778 2588 bsse'nt,
816 2507 952 2572 mentiti
974 2521 1068 2573 sunt.
1184 2543 1185 2554 κ

146 2594 330 2680 ,Propheta
353 2614 433 2659 vero
453 2593 599 2657 aliorum
619 2589 728 2656 factus
749 2603 805 2658 est.
817 2593 943 2678 Apion,
962 2604 998 2658 et
1013 2593 1070 2660 di·
1175 2653 1177 2660 ,

154 2679 465 2750 xit‘'‘Antiochum
487 2677 677 2765 intemplo
695 2678 861 2769 invenisse
881 2679 1008 2745 lectum
1032 2693 1069 2745 et
1099 2685 1107 2695 '

155 2767 331 2834 hominem
362 2765 399 2832 in
432 2761 697 2850 cojacantem,
739 2775 774 2830 et
804 2763 996 2850 appositam
1034 2766 1069 2830 ei
1128 2837 1136 2848 ,
1182 2823 1184 2837 1

135 2853 345 2918 'mensulam
368 2849 551 2929 maritimis
572 2850 784 2938 terrenisque
797 2847 988 2916 volatilium
1003 2849 1067 2916 da·
1181 2849 1183 2874 ¹

120 2970 123 2978 r
150 2938 252 3026 pibus
275 2937 431 3023 plenam,
455 2946 491 2999 et
514 2933 603 3021 quod
621 2931 851 3024 obstupuisset
875 2935 928 3000 his
950 2937 1066 3002 homo.

71 3081 74 3084 .
110 3019 114 3032 '
150 3023 256 3090 Illum
282 3045 376 3089 *vero
415 3045 498 3086 mox
536 3019 693 3085 adorasse
734 3021 826 3108 regis
859 3022 1064 3107 ingressum,

148 3118 318 3195 tanquam
352 3108 540 3172 maximam
570 3104 635 3169 sibi
665 3126 766 3194 opom
789 3109 999 3194 praebituri,
1022 3131 1062 3176 ac

152 3193 389 3279 procidentem
422 3193 464 3257 ad
494 3193 565 3278 ejus
591 3212 715 3276 genus,
753 3206 896 3264 extensa
920 3197 1063 3262 dextera
1098 3201 1101 3212 '

119 3327 121 3332 ,
150 3278 341 3362 poposcisse
365 3279 570 3358 libertatem
592 3287 628 3345 et
646 3279 786 3366 jubente
806 3302 899 3366 rege,
922 3294 962 3347 ut
976 3305 1062 3348 eon·
1118 3305 1122 3316 ·

146 3361 294 3441 rideret,
316 3371 352 3430 et
372 3365 520 3444 diceret,
534 3365 619 3452 ‘quis
641 3376 747 3448 esset,
769 3365 824 3466 yel
846 3367 1062 3434 cur‘ibidom
