2378 3790
22 137 26 142 ¹
60 138 62 143 s
159 170 226 248 tet
254 147 788 232 rutescournttnousn
806 129 1004 246 uns,-

159 343 224 398 nus
248 318 320 386 sine
344 318 438 398 Deo,
461 318 624 408 quicquid
644 317 744 404 jussit
766 319 936 388 mendacii
957 341 1083 408 super-

80 466 86 473 .
159 407 289 491 fluitas,
314 429 416 495 quem
439 427 484 468 cx
506 405 581 494 ipse
600 429 642 470 re
665 427 871 492 cognoscere
905 407 1001 472 valde
1025 409 1083 472 fe-

160 493 329 560 cillimum
352 503 420 557 est:
456 491 539 556 Non
563 492 655 558 enim
680 492 772 557 circu
802 491 892 558 solos
928 493 1092 558 Graecos*

161 579 331 646 discordia
353 579 470 665 legum
494 597 564 642 esse
590 577 822 664 dignoscitur,
845 579 904 643 sed
927 579 1081 644 maxime
1104 602 1126 652 '.

125 690 130 694 ·
160 665 320 733 adversus
351 662 618 751 Aegyptios,‚et
640 662 810 752 plurimos
831 664 928 731 alios.
972 664 1081 750 Cujus

159 751 252 818 euim
274 751 425 838 regionis
448 751 604 814 homines
626 773 705 816 non·
724 749 871 836 contigit
895 751 1082 834 aliquunde

160 837 253 926 apud
270 860 332 902 nos
352 833 595 924 peregrinari?
616 837 666 901 Ut
678 834 842 900 vadversus
859 838 950 902 solos
967 836 1083 900 Grae-⁴

71 1005 76 1008 ,
158 946 216 990 cos
239 935 403 988 renovate
426 922 664 1008 conjuratione
684 942 747 1007 per
770 919 976 986 effusionem
999 943 1083 986 seu-

51 1075 55 1088 ,
129 1045 131 1050 ·
178 1027 180 1032 ’
208 1009 272 1076 iuis
292 1031 488 1096 egeremus,
509 1008 563 1072 rol
585 1006 758 1097 quomodo
780 1007 953 1092 possibile,
974 1019 1016 1072 ut
1037 1007 1082 1071 ad

156 1031 220 1162 fille
263 1095 392 1160 hostias
427 1115 547 1159 omnes
579 1095 700 1170 ludaei
734 1093 1002 1178 colligerentur,
1043 1103 1083 1156 et

155 1181 262 1246 tentis
291 1180 444 1246 millibus
475 1179 515 1242 ad
538 1180 746 1266 gustandum
769 1179 900 1244 viscera
921 1178 982 1245 illa
1003 1177 1081 1244 suf-

157 1267 431 1348 ficereut‚,sicut
454 1267 504 1332 uit
525 1264 671 1354 Apion?
716 1263 784 1333 Vel
803 1288 868 1329 cur
897 1266 1081 1332 inventum

157 1354 355 1434 homiuem,
386 1353 582 1440 quicunque
602 1351 691 1430 fuit,
723 1386 767 1400 -
788 1373 860 1416 nou
889 1353 981 1421 enim
1013 1373 1078 1417 suo

11 1491 15 1498 .
52 1489 55 1502 ,
157 1439 298 1524 nomine
329 1441 556 1534 conscripsit,
578 1477 620 1500 -·-
645 1450 706 1504 eut
735 1437 908 1524 quomodo
930 1438 1085 1508 eum-ia

68 1599 72 1603 ,
158 1548 255 1592 suem
287 1526 438 1616 petriam
474 1547 539 1590 rex
561 1547 632 1598 uon
656 1547 737 1590 cum
758 1523 895 1610 pompe
911 1521 1082 1590 deduxit?

156 1612 255 1678 Dum
277 1624 415 1700 posset,
435 1612 502 1678 hoc
525 1612 675 1692 faciens,
699 1612 778 1710 ipse⁸
797 1610 936 1708 quidem
959 1608 1081 1700 putori

156 1699 246 1788 pius,
273 1711 308 1764 et
331 1697 547 1766 Graecorum
569 1709 704 1784 ametor
723 1719 886 1777 extimus,
905 1715 1082 1766 assumere
1185 1755 1188 1778 ,

122 1827 127 1834 ·
156 1808 239 1856 vero
271 1796 393 1852 contre
424 1784 635 1848 ludaeorum
659 1785 778 1852 odium
801 1785 931 1849 auxilia
955 1789 1083 1870 magua,
1183 1807 1188 1860 ,¹

95 1869 100 1877 ’
159 1883 377 1942 cunctorum.
422 1871 489 1936 Sed
513 1871 595 1935 haec
613 1871 783 1960 relinquo.
828 1868 1020 1940 lusensatos
1043 1891 1083 1932 e-
1186 1903 1187 1924 s

156 1960 249 2033 nim,
270 1981 341 2024 non
363 1957 497 2037 verbis,
519 1957 578 2022 sed
601 1958 778 2046 operibus,
803 1957 901 2022 decet
923 1977 1081 2042 arguere.

76 2062 81 2066 “
158 2045 283 2116 Sciunt
310 2044 419 2129 igitur
446 2067 582 2126 omues,
617 2049 675 2136 qui
705 2039 821 2114 videre
847 2042 1108 2112 constructio*
1185 2109 1186 2122 ,

132 2153 238 2202 'uem
270 2131 393 2222 templi
424 2133 552 2213 nostri,
583 2135 692 2220 qualis
715 2135 843 2210 fuerit,
868 2145 904 2198 et
925 2135 1082 2200 intrans·

182 2221 372 2288 ressibilem
414 2222 485 2306 ejus
530 2219 784 2306 purificationis
830 2221 1082 2305 integritatem.

156 2244 318 2392 Quattuor
349 2308 440 2372 euim
474 2309 628 2395 perticus
652 2306 772 2372 habuit
794 2307 831 2372 in
850 2307 1017 2385 circuitu,
1042 2319 1081 2372 et

156 2393 281 2459 harum
304 2393 457 2477 singulae
483 2393 659 2481 propriam
677 2394 867 2458 secundum
884 2395 998 2480 legem
1015 2395 1081 2459 lia-

61 2547 64 2550 ,
156 2479 263 2544 liuere
296 2480 498 2544 custodiam.
561 2477 600 2542 ln
632 2479 841 2544 exteriorem
871 2481 987 2568 iteque
1021 2480 1080 2546 in·

155 2565 255 2714 predi
274 2565 415 2630 licentia
438 2565 505 2629 fuit
528 2564 687 2630 omnibus
710 2565 815 2631 ctiam
838 2566 978 2646 alieuis;
996 2587 1079 2630 mu-

171 2673 257 2716 reres
289 2647 528 2716 tantummodo
558 2662 790 2716 menstruatae
815 2653 963 2716 transire
991 2675 1079 2739 pro-
1164 2713 1174 2732 ,

114 2736 121 2750 '
155 2737 373 2803 bibebantur.
418 2739 458 2802 ln
481 2736 666 2812 secundem
690 2757 770 2810 vero
793 2738 967 2822 porticum
991 2757 1080 2802 cuu-
1178 2807 1180 2826 ¹

156 2821 205 2888 cti
225 2823 348 2896 ludaei
370 2823 669 2909 ingrediebantur,
694 2843 883 2910 eorumque
905 2825 1096 2910 conjuges,

156 2927 235 2972 cum
271 2921 382 2976 essent
416 2909 454 2974 ab
485 2908 580 2972 omui
611 2908 805 2994 pollutione
830 2909 990 2977 mundae.
1036 2907 1077 2973 ln
1165 2975 1170 2984 ,

154 2994 308 3078 tertium,
332 2996 478 3062 masculi
499 2994 710 3060 ludaeorum
743 2994 864 3061 mundi
888 2997 1075 3062 existentes

90 3111 108 3152 ,·
156 3092 258 3167 atque
277 3081 472 3168 purificati.
520 3080 560 3146 ln
592 3093 751 3167 quartem
776 3093 892 3146 autem
912 3079 1076 3146 secerdo-
1175 3085 1176 3088 ’

156 3177 228 3242 tes,
263 3167 360 3232 stolis
394 3168 507 3233 induti
543 3167 822 3236 sacerdotalibus.
870 3165 909 3245 lu
930 3167 1077 3254 adytum
1160 3202 1176 3244 ·,

58 3319 66 3324 ,
155 3271 236 3315 vero
259 3253 324 3316 soli
354 3252 527 3339 principes
551 3249 786 3330 secerdotum,
821 3253 966 3340 propria
988 3254 1077 3320 stola
1125 3305 1130 3310 .

156 3335 416 3405 circumamicti.
464 3340 592 3406 ·'seutu
627 3359 708 3410 vero
739 3349 792 3404 est
826 3340 917 3406 circa
955 3339 1088 3406 omnia·
