2378 3790
231 192 938 308 r'ntoscourntrrtousutetur
981 237 1044 306 rat

96 427 103 434 -
124 378 369 465 hoeatfinnat
383 373 497 444 'fuisse
518 377 730 466 depalatum,
754 379 832 444 dum
851 379 1046 447 Antiochus

80 481 85 486 '
124 468 323 556 Epiphanes
355 479 389 532 et
417 466 640 555 exspoliasset
670 467 855 553 templum,
894 478 928 532 et
957 467 1048 532 illud
1144 536 1147 540 ,

126 565 233 642 caput
263 553 448 618 invenisset
480 577 525 618 ex
556 574 640 617 uitro
665 555 901 639 ¹compositum
926 553 1045 618 multis

126 640 282 728 pecuniis
306 640 468 724 dignum!
512 639 567 703 Ad
593 640 657 704 boc
681 638 951 725 igitur'primum
968 639 1046 724 qui·
1088 640 1092 648 ’

66 747 69 760 ’
127 727 208 791 dem
231 725 436 812 respondeo,
459 725 619 814 quonium
639 726 836 812 Aegyptius,
861 725 914 790 vel
938 725 966 790 si
983 725 1048 789 eli·

85 813 212 900 »quid
236 811 307 874 tale
326 811 419 898 apud
438 836 497 878 nos
520 811 660 885 fuisset,
684 832 897 899 nequaquam
922 809 1047 875 debue·
1112 883 1121 892 α

129 907 187 964 'rat
207 898 404 986 inerepare,
428 923 507 963 cum
532 922 600 962 non
621 888 669 963 'sit
685 898 835 963 deterior
852 899 965 963 asinus
990 898 1048 962 fu'-

129 985 269 1049 renibus
302 995 337 1047 et
365 984 470 1049 hircis
503 985 661 1061 etaliis,
691 985 852 1072 quisunt
877 983 967 1072 apud
991 995 1048 1048 eos

125 1070 203 1134 Dii.
246 1069 381 1133 Deinde
410 1071 581 1155 quomodo
612 1093 681 1136 non
709 1070 902 1150 intellexit,
931 1070 1049 1155 operi-

57 1233 59 1238 ,
130 1156 194 1220 bus
226 1157 439 1242 increpatus,
472 1157 514 1221 de
548 1156 740 1223 incredibili
763 1177 825 1220 suo
848 1153 1048 1222 mendacio?

129 1241 279 1328 Legibus
317 1263 466 1329 namque
503 1267 641 1328 semper
669 1241 801 1306 utimur
834 1243 974 1330 iisdem,
1012 1243 1049 1306 iu

132 1330 254 1416 quibus
285 1325 364 1391 sine
389 1328 459 1392 fine
494 1329 721 1394 consistimus.
774 1327 821 1393 Et
851 1353 931 1394 cum
963 1327 1063 1393 vui-ii·
1125 1335 1129 1352 ⁴

132 1439 229 1480 casus
262 1425 415 1486 nostram
437 1416 629 1494 civitatem,
653 1419 741 1478 sicut
764 1415 869 1480 etiam·
886 1415 1050 1491 eliorum,

131 1503 348 1578 vexaverint,
378 1512 412 1564 et
440 1501 573 1582 Theos,
606 1523 644 1566 ac
685 1501 864 1586 Pompeius
900 1507 1050 1586 Magnus,

135 1609 175 1652 ac
204 1585 360 1651 Licinius
392 1587 546 1667 Crassus,
575 1600 610 1664 et
633 1588 676 1651 ud
698 1587 922 1652 novissimum
947 1587 1050 1650 Titus

1 1725 2 1742 1
45 1673 47 1677 ¹
99 1695 102 1700 ·
135 1673 278 1745 Caesar,
309 1671 400 1735 bello
431 1673 604 1740 vincentes
635 1674 847 1739 obtinuerint
871 1673 1050 1760 templum,

133 1759 222 1826 nibil
246 1757 442 1824 huiusmodi
463 1759 533 1822 illic
555 1761 735 1825 invenere:
757 1760 814 1823 sed
828 1761 1050 1848 purissimam
1115 1761 1121 1764 ’

132 1847 319 1932 pietatem,
350 1844 391 1907 de
422 1867 489 1930 qun
519 1845 605 1911 nihil
629 1845 734 1910 mobis
766 1859 817 1910 est
851 1847 942 1934 apud
967 1845 1050 1910 alios

134 1929 285 1995 effabile.
336 1930 426 2010 Quia
459 1953 539 1995 vero
574 1933 761 2000 Antiochus
788 1955 898 2020 neque
925 1933 1055 2015 justam

134 2016 217 2082 fecit
238 2016 359 2102 templi
383 2016 702 2102 depraedationem,
733 2017 790 2081 sed
816 2029 966 2104 egestate
988 2039 1050 2104 pe·
1110 2049 1113 2056 ’

135 2101 314 2168 ceniarum
338 2103 380 2166 ad
405 2102 472 2167 boc
495 2105 655 2182 accessit,¹
689 2125 765 2168 cum
788 2126 855 2169 non
880 2105 1050 2178 essetsh‘o-

137 2188 215 2265 stis,
245 2200 279 2250 et
308 2190 415 2254 socios
439 2192 664 2276 insuper'nos
687 2213 764 2254 suos
788 2202 822 2254 et
843 2193 968 2254 amicos
991 2201 1051 2274 ag-

138 2296 270 2360 gressu-s
293 2286 360 2354 est,
385 2297 449 2340 nec
471 2277 597 2363 aliquid
621 2276 764 2362 dignum
788 2275 957 2340 derisione
979 2274 1050 2338 illic

138 2360 288 2430 invenit·
336 2361 430 2426 Multi
469 2374 503 2426 et
541 2361 636 2448 digni
672 2362 921 2448 conscriptores
948 2382 1053 2445 super

137 2447 204 2511 hoc
225 2439 359 2534 quoque
374 2459 563 2514 testantur:
607 2448 768 2533 Polybius
785 2445 1052 2532 Megalopolita-
1112 2492 1117 2500 ι

140 2555 221 2611 nus,
244 2534 370 2600 Strabo
395 2535 596 2620 Cappadox,
620 2534 783 2598 Nicolaus
808 2533 1052 2610 Damasceuus,

94 2699 96 2704 Ι
140 2619 354 2706 Timagenes,
376 2630 411 2686 et
433 2619 556 2684 Castor
579 2620 869 2706 chronographus,
892 2630 926 2682 et
950 2623 1067 2704 Apol:
1111 2686 1114 2690 ¹

140 2705 296 2788 lodorus3
326 2708 389 2794 qui'
414 2707 530 2772 omnes
554 2705 691 2782 dicunt,
723 2705 874 2792 pecuniis
895 2704 1053 2788 indigen-

21 2850 24 2853 .
55 2791 59 2796 ’
140 2801 214 2856 tem
241 2792 446 2856 Antiochum
469 2804 719 2876 transgressum
743 2789 883 2854 foedera
905 2788 1052 2852 ludaeo-

47 2933 53 2938 .
139 2895 220 2942 rum
252 2889 287 2942 et
316 2878 477 2966 spoliasse
516 2877 687 2964 templum
717 2885 1051 2962 ottteurgentoque

141 2955 294 3051 plenum.
345 2963 443 3028 Haec
464 2964 570 3048 igitur
592 2966 708 3050 Apion
731 2961 849 3026 debuit
871 2959 1052 3046 respicere,
1144 2955 1147 2968 '

142 3050 207 3116 uisi
231 3073 290 3116 cor
313 3049 398 3114 esini
419 3051 492 3137 ipse
512 3052 628 3148 potius
650 3049 842 3126 habuisset,
881 3059 915 3110 et
936 3048 1053 3134 impu-

140 3137 294 3202 dentiam
323 3133 435 3216 canis,
464 3157 523 3222 qut
554 3136 647 3219 apud
677 3135 768 3222 ipsos
806 3133 931 3198 essolet
966 3131 1051 3212 coti,

87 3254 90 3262 ·
140 3244 252 3306 neque
293 3222 385 3288 enim
422 3220 634 3284 extrinsecus
680 3220 747 3284 etia
791 3217 1051 3284 ratiocinatione

139 3309 306 3391 mentitus
335 3317 398 3378 est.
441 3306 516 3372 Nos
547 3305 662 3393 itaque
685 3307 788 3372 asinis
809 3323 918 3390 neque
940 3303 1052 3372 hono-

64 3400 67 3405 '
138 3415 213 3460 rem
243 3415 353 3484 neque
384 3401 593 3480 potestatem
621 3391 769 3480 aliquam
792 3387 1052 3472 damus,‚sicut
1095 3425 1097 3428 -

748 3498 838 3570 ,eo
